@electronic{NSynth,
  authors        = "Jesse Engel, Cinjon Resnick, Adam Roberts, Sander Dieleman, Douglas Eck, Karen Simonyan, Mohammad Norouzi",
  title         = "Neural Audio Synthesis of Musical Notes with WaveNet Autoencoders",
  url           = "https://arxiv.org/abs/1704.01279",
  month         = apr,
  year          = "2017"
}